
@article{ lopez88,
    author={Pepe López and José Martínez},
    title={C++ para todos},
    journal = {Int. Jour. of Sofw. Eng.},
    year = {1988},
    comment = {esto es muy interesante pero}
}

@article{ smith08,
    author={John Smith},
    title={Latex Tutorial},
    journal = {Science},
    year = {2008}
}


